
%https://www.youtube.com/watch?v=Zer_oV88HDk
%file:///C:/Users/Usuario/Downloads/La_maquina_de_Turing%20(2).pdf
%https://www.bbvaopenmind.com/tecnologia/inteligencia-artificial/la-deuda-de-la-inteligencia-artificial-con-el-matematico-godel/
%https://elclavo.com/articulos/opinion/la-maquina-universal-de-turing/

